% ----------------------------------------------------------------------------
% Those are some references took from Overleaf's BiBTeX tutorial
% ----------------------------------------------------------------------------
@article{peter,
  title = {Fermi arcs from dynamical variational Monte Carlo},
  author = {Rosenberg, P. and S\'en\'echal, D. and Tremblay, A.-M. S. and Charlebois, M.},
  journal = {Phys. Rev. B},
  volume = {106},
  issue = {24},
  pages = {245132},
  numpages = {13},
  year = {2022},
  month = {Dec},
  publisher = {American Physical Society},
  doi = {10.1103/PhysRevB.106.245132},
  url = {https://link.aps.org/doi/10.1103/PhysRevB.106.245132}
}
